@misc{mcKinsey,
  author = {{McKinsey \& Company}},
  title = {{The Internet of Things: How to capture the value of IoT}},
  year = {May, 2018}, 
}
@article{QoE,
title = "Quality of Experience (QoE)-aware placement of applications in Fog computing environments",
journal = "Journal of Parallel and Distributed Computing",
year = "2018",
issn = "0743-7315",
doi = "https://doi.org/10.1016/j.jpdc.2018.03.004",
url = "http://www.sciencedirect.com/science/article/pii/S0743731518301771",
author = "Redowan Mahmud and Satish Narayana Srirama and Kotagiri Ramamohanarao and Rajkumar Buyya",
keywords = "Fog computing, Application placement, Quality of experience, Fuzzy logic, User expectation"
}
@article{sleep,
  title={Mortality and apnea index in obstructive sleep apnea: experience in 385 male patients},
  author={He, Jiang and Kryger, Meir H and Zorick, Frank J and Conway, William and Roth, Thomas},
  journal={Chest},
  volume={94},
  number={1},
  pages={9--14},
  year={1988},
  publisher={Elsevier}
}
@article{aneka-2,
  title={A coordinator for scaling elastic applications across multiple clouds},
  author={Calheiros, Rodrigo N and Toosi, Adel Nadjaran and Vecchiola, Christian and Buyya, Rajkumar},
  journal={Future Generation Computer Systems},
  volume={28},
  number={8},
  pages={1350--1362},
  year={2012},
  publisher={Elsevier}
}
@article{aneka,
  title={The Aneka platform and QoS-driven resource provisioning for elastic applications on hybrid Clouds},
  author={Calheiros, Rodrigo N and Vecchiola, Christian and Karunamoorthy, Dileban and Buyya, Rajkumar},
  journal={Future Generation Computer Systems},
  volume={28},
  number={6},
  pages={861--870},
  year={2012},
  publisher={Elsevier}
}
@book{blockchainbook,
  title={Blockchain: Blueprint for a new economy},
  author={Swan, Melanie},
  year={2015},
  publisher={" O'Reilly Media, Inc."}
  }

@inproceedings{blockchain,
  title={Decentralizing privacy: Using blockchain to protect personal data},
  author={Zyskind, Guy and Nathan, Oz and others},
  booktitle={Security and Privacy Workshops (SPW), 2015 IEEE},
  pages={180--184},
  year={2015},
  organization={IEEE}
}
@INPROCEEDINGS{protocols, 
author={M. Slabicki and K. Grochla}, 
booktitle={NOMS 2016 - 2016 IEEE/IFIP Network Operations and Management Symposium}, 
title={Performance evaluation of CoAP, SNMP and NETCONF protocols in fog computing architecture}, 
year={2016}, 
pages={1315-1319}, 
keywords={Internet of Things;computer architecture;computer network management;discrete event simulation;electronic data interchange;protocols;Internet of Things;cloud infrastructure;communication architecture;data exchange;discrete event simulation;fog computing architecture;network management protocols;Cloud computing;Computer architecture;Delays;Histograms;Performance evaluation;Protocols;Servers;CoAP;Fog Computing;Internet of Things;NETCONF;Performance;SNMP},  
month={April},}

@article{IoT,
title = {{Internet of Things (IoT): A vision, architectural elements, and future directions}},
journal = {{Future Generation Computer Systems}},
volume = "29",
number = "7",
pages = "1645 - 1660",
year = "2013",
issn = "0167-739X",
author = {{Jayavardhana Gubbi and Rajkumar Buyya and Slaven Marusic and Marimuthu Palaniswami}},
keywords = "Internet of Things",
keywords = "Ubiquitous sensing",
keywords = "Cloud computing",
keywords = "Wireless sensor networks",
keywords = "RFID",
keywords = "Smart environments"
}
@article{ifogsim-Gupta,
  title={{iFogSim: A Toolkit for Modeling and Simulation of Resource Management Techniques in the Internet of Things, Edge and Fog Computing Environments}},
  author={Gupta, Harshit and Vahid Dastjerdi, Amir and Ghosh, Soumya K and Buyya, Rajkumar},
  journal={Software: Practice and Experience},
  volume={47},
  number={9},
  pages={1275--1296},
  year={2017},
  publisher={Wiley Online Library}
}
@inproceedings{interoperability,
 author = {Mahmud, Redowan and Koch, Fernando Luiz and Buyya, Rajkumar},
 title = {Cloud-Fog Interoperability in IoT-enabled Healthcare Solutions},
 booktitle = {Proceedings of the 19th International Conference on Distributed Computing and Networking},
 series = {ICDCN '18},
 year = {2018},
 isbn = {978-1-4503-6372-3},
 location = {Varanasi, India},
 pages = {32:1--32:10},
 articleno = {32},
 numpages = {10},
 acmid = {3154347},
 publisher = {ACM},
 address = {New York, NY, USA},
 keywords = {Cloud computing, Fog computing, HealthCare, Internet of Things, Interoperable architecture},
}

@inproceedings{FogInit,
 author = {Bonomi, Flavio and Milito, Rodolfo and Zhu, Jiang and Addepalli, Sateesh},
 title = {{Fog Computing and Its Role in the Internet of Things}},
 booktitle = {Proc. of the First Edition of the MCC Workshop on Mobile Cloud Computing},
 series = {MCC '12},
 year = {2012},
 isbn = {978-1-4503-1519-7},
 location = {Helsinki, Finland},
 pages = {13--16},
 numpages = {4},
 acmid = {2342513},
 publisher = {ACM},
}
@Inbook{me,
  title={Fog computing: A taxonomy, survey and future directions},
  author={Mahmud, Redowan and Kotagiri, Ramamohanarao and Buyya, Rajkumar},
  booktitle={Internet of Everything},
  pages={103--130},
  year={2018},
  publisher={Springer}
}
@INPROCEEDINGS{speed, 
author={M. Afrin and M. R. Mahmud and M. A. Razzaque}, 
booktitle={Proc. of the IEEE International WIE Conference on Electrical and Computer Engineering (WIECON-ECE)}, 
title={Real time detection of speed breakers and warning system for on-road drivers}, 
year={2015}, 
pages={495-498}, 
keywords={alarm systems;road accidents;road traffic;road vehicles;autonomous speed breaker data collection;dynamic speed breaker detection;on-road vehicle drivers;real time speed breaker detection;real-time driver tracking;road accidents;warning generation;warning system;Accelerometers;Alarm systems;Cloud computing;Data collection;Global Positioning System;Roads;Vehicles},  
month={Dec},}
@article{verba,
  title={{Platform as a service gateway for the Fog of Things}},
  author={Verba, Nandor and Chao, Kuo-Ming and James, Anne and Goldsmith, Daniel and Fei, Xiang and Stan, Sergiu-Dan},
  journal={Advanced Engineering Informatics},
  volume={33},
  pages={243--257},
  year={2017},
  publisher={Elsevier}
}

@misc{link1,
  author = {Subrahmanya Manigadde},
  title = {{Sleep Apnea}},
  howpublished = "\url{https://github.com/subrahmanyamanigadde/sleepapnea}",
  year = {2018}, 
  note = "[Online; accessed 28-August-2018]"
}

@misc{link2,
  author = {Monarch Initiative},
  title = {{Sleep Apnea Clustering}},
  howpublished = "\url{https://github.com/monarch-initiative/sleep-apnea-clustering}",
  year = {2017}, 
  note = "[Online; accessed 28-August-2018]"
}

@inproceedings{korosh,
  title={{Energy management as a service over fog computing platform}},
  author={Vatanparvar, Korosh and Faruque, Al and Abdullah, Mohammad},
  booktitle={Proceedings of the ACM/IEEE Sixth International Conference on Cyber-Physical Systems},
  pages={248--249},
  year={2015},
  organization={ACM}
}

@inproceedings{yi,
  title={{Fog computing: Platform and applications}},
  author={Yi, Shanhe and Hao, Zijiang and Qin, Zhengrui and Li, Qun},
  booktitle={2015 Third IEEE Workshop on Hot Topics in Web Systems and Technologies (HotWeb)},
  pages={73--78},
  year={2015},
  organization={IEEE}
}

@inproceedings{yangui,
  title={{A platform as-a-service for hybrid cloud/fog environments}},
  author={Yangui, Sami and Ravindran, Pradeep and Bibani, Ons and Glitho, Roch H and Hadj-Alouane, Nejib Ben and Morrow, Monique J and Polakos, Paul A},
  booktitle={Local and Metropolitan Area Networks (LANMAN), 2016 IEEE International Symposium on},
  pages={1--7},
  year={2016},
  organization={IEEE}
}

@inproceedings{bruneo,
  title={{Stack4Things as a fog computing platform for Smart City applications}},
  author={Bruneo, Dario and Distefano, Salvatore and Longo, Francesco and Merlino, Giovanni and Puliafito, Antonio and D'Amico, Valeria and Sapienza, Marco and Torrisi, Giovanni},
  booktitle={Computer Communications Workshops (INFOCOM WKSHPS), 2016 IEEE Conference on},
  pages={848--853},
  year={2016},
  organization={IEEE}
}

@article{chang,
  title={{Indie fog: An efficient fog-computing infrastructure for the internet of things}},
  author={Chang, Chii and Srirama, Satish Narayana and Buyya, Rajkumar},
  journal={Computer},
  volume={50},
  number={9},
  pages={92--98},
  year={2017},
  publisher={IEEE}
}

@inproceedings{nader,
  title={{A service-oriented middleware for cloud of things and fog computing supporting smart city applications}},
  author={Mohamed, Nader and Al-Jaroodi, Jameela and Lazarova-Molnar, Sanja and Jawhar, Imad and Mahmoud, Sara},
  booktitle={2017 IEEE SmartWorld, Ubiquitous Intelligence \& Computing, Advanced \& Trusted Computed, Scalable Computing \& Communications, Cloud \& Big Data Computing, Internet of People and Smart City Innovation (SmartWorld/SCALCOM/UIC/ATC/CBDCom/IOP/SCI)},
  year={2017},
  organization={IEEE}
}

@article{amir,
  title={{Exploiting smart e-Health gateways at the edge of healthcare Internet-of-Things: A fog computing approach}},
  author={Rahmani, Amir M and Gia, Tuan Nguyen and Negash, Behailu and Anzanpour, Arman and Azimi, Iman and Jiang, Mingzhe and Liljeberg, Pasi},
  journal={Future Generation Computer Systems},
  volume={78},
  pages={641--658},
  year={2018},
  publisher={Elsevier}
}

@incollection{chen,
  title={{Smart city surveillance in fog computing}},
  author={Chen, Ning and Chen, Yu and Ye, Xinyue and Ling, Haibin and Song, Sejun and Huang, Chin-Tser},
  booktitle={Advances in Mobile Cloud Computing and Big Data in the 5G Era},
  pages={203--226},
  year={2017},
  publisher={Springer}
}

@incollection{dubey,
  title={{Fog computing in medical internet-of-things: architecture, implementation, and applications}},
  author={Dubey, Harishchandra and Monteiro, Admir and Constant, Nicholas and Abtahi, Mohammadreza and Borthakur, Debanjan and Mahler, Leslie and Sun, Yan and Yang, Qing and Akbar, Umer and Mankodiya, Kunal},
  booktitle={Handbook of Large-Scale Distributed Computing in Smart Healthcare},
  pages={281--321},
  year={2017},
  publisher={Springer}
}

@article{azimi,
  title={{HiCH: Hierarchical fog-assisted computing architecture for healthcare IoT}},
  author={Azimi, Iman and Anzanpour, Arman and Rahmani, Amir M and Pahikkala, Tapio and Levorato, Marco and Liljeberg, Pasi and Dutt, Nikil},
  journal={ACM Transactions on Embedded Computing Systems (TECS)},
  volume={16},
  number={5s},
  pages={174},
  year={2017},
  publisher={ACM}
}

@inproceedings{razvan,
  title={{Implementation of Fog computing for reliable E-health applications}},
  author={Craciunescu, Razvan and Mihovska, Albena and Mihaylov, Mihail and Kyriazakos, Sofoklis and Prasad, Ramjee and Halunga, Simona},
  booktitle={Signals, Systems and Computers, 2015 49th Asilomar Conference on},
  pages={459--463},
  year={2015},
  organization={IEEE}
}

@article{hu,
  title={{Fog computing based face identification and resolution scheme in internet of things}},
  author={Hu, Pengfei and Ning, Huansheng and Qiu, Tie and Zhang, Yanfei and Luo, Xiong},
  journal={IEEE transactions on industrial informatics},
  volume={13},
  number={4},
  pages={1910--1920},
  year={2017},
  publisher={IEEE}
}

@inproceedings{gia,
  title={{Low-cost fog-assisted health-care IoT system with energy-efficient sensor nodes}},
  author={Gia, Tuan Nguyen and Jiang, Mingzhe and Sarker, Victor Kathan and Rahmani, Amir M and Westerlund, Tomi and Liljeberg, Pasi and Tenhunen, Hannu},
  booktitle={Wireless Communications and Mobile Computing Conference (IWCMC), 2017 13th International},
  pages={1765--1770},
  year={2017},
  organization={IEEE}
}

@inproceedings{orestis,
  title={{On the deployment of healthcare applications over fog computing infrastructure}},
  author={Akrivopoulos, Orestis and Chatzigiannakis, Ioannis and Tselios, Christos and Antoniou, Athanasios},
  booktitle={Computer Software and Applications Conference (COMPSAC), 2017 IEEE 41st Annual},
  volume={2},
  pages={288--293},
  year={2017},
  organization={IEEE}
}


